@book{digital,
    title={title},
    author={author},
    isbn={isbn number},
    year={year},
    publisher={publisher},
}
